<?xml version="1.0" encoding="UTF-8"?><collection xmlns="http://www.loc.gov/MARC21/slim"><record><leader>00635nam--2200193-u-4500</leader><controlfield tag="001">000055902</controlfield><controlfield tag="002">20161230</controlfield><controlfield tag="005">20161230201052</controlfield><controlfield tag="008">130814s1000------------r-----000-0-eng-d</controlfield><datafield ind1=" " ind2=" " tag="020"><subfield code="a">3540091246</subfield></datafield><datafield ind1=" " ind2=" " tag="040"><subfield code="a">IFIN-HH</subfield></datafield><datafield ind1=" " ind2=" " tag="080"><subfield code="a">519.449</subfield></datafield><datafield ind1="1" ind2=" " tag="100"><subfield code="a">Heyer, H</subfield></datafield><datafield ind1="1" ind2="0" tag="245"><subfield code="a">Probability measures on groups</subfield><subfield code="b">Lecture notes in mathematics vol. 706 proceeidngs of the fifth conference oberwolfach, germany, january 29th-february 4, 1978</subfield><subfield code="c">H. heyer (ed.)</subfield></datafield><datafield ind1=" " ind2=" " tag="260"><subfield code="a">Berlin</subfield><subfield code="b">Springer Verlag</subfield><subfield code="c">1979</subfield></datafield><datafield ind1=" " ind2=" " tag="300"><subfield code="a">XIII+348P</subfield></datafield><datafield ind1=" " ind2=" " tag="490"><subfield code="a">Lecture Notes In Mathematics</subfield><subfield code="v">Vol. 706</subfield></datafield><datafield ind1=" " ind2=" " tag="852"><subfield code="a">49147</subfield><subfield code="c">519.4/5</subfield></datafield><datafield ind1=" " ind2=" " tag="CAT"><subfield code="a">Sys</subfield><subfield code="c">20130814</subfield><subfield code="h">161553</subfield></datafield></record></collection>